@article{valtrProbabilityThatRandom1995,
	title    = {Probability That n Random Points Are in Convex Position},
	author   = {Valtr, Pavel},
	year     = {1995},
	journal  = {Discrete \& Computational Geometry},
	volume   = {13},
	number   = {3},
	pages    = {637--643},
	issn     = {1432-0444},
	doi      = {10.1007/BF02574070},
	language = {en}
}
